<?xml version="1.0" encoding="UTF-8"?><collection xmlns="http://www.loc.gov/MARC21/slim"><record><leader>00373nam--2200145-i-4500</leader><controlfield tag="001">000022189</controlfield><controlfield tag="002">20161230</controlfield><controlfield tag="005">20170305223058</controlfield><controlfield tag="008">060222s1000------------r-----000-0-eng-d</controlfield><datafield ind1=" " ind2=" " tag="100"><subfield code="a">Hogerton, John F</subfield></datafield><datafield ind1=" " ind2=" " tag="245"><subfield code="a">The atomic energy deskbook</subfield></datafield><datafield ind1=" " ind2=" " tag="260"><subfield code="a">New York</subfield><subfield code="b">Reinhold Publ. Corporation</subfield><subfield code="c">1963</subfield></datafield><datafield ind1=" " ind2=" " tag="300"><subfield code="a">XIII + 673 p</subfield></datafield><datafield ind1=" " ind2=" " tag="852"><subfield code="a">18756</subfield></datafield><datafield ind1=" " ind2=" " tag="CAT"><subfield code="a">SYS</subfield><subfield code="c">20170305</subfield><subfield code="h">223058</subfield></datafield></record></collection>